<record><leader>00000cas a22000007a 4500</leader><controlfield tag="001">9396505</controlfield><controlfield tag="008">830411d18561856mauwr ne      0    0eng d</controlfield><datafield ind1=" " ind2=" " tag="010"><subfield code="a">sn 83020539 </subfield></datafield><datafield ind1=" " ind2=" " tag="040"><subfield code="a">NPX</subfield><subfield code="b">eng</subfield><subfield code="c">NPX</subfield><subfield code="d">CNW</subfield><subfield code="d">OCL</subfield><subfield code="d">OCLCF</subfield><subfield code="d">OCLCO</subfield></datafield><datafield ind1=" " ind2=" " tag="042"><subfield code="a">msc</subfield></datafield><datafield ind1="0" ind2="4" tag="245"><subfield code="a">The Holliston advertiser.</subfield></datafield><datafield ind1=" " ind2=" " tag="260"><subfield code="a">Holliston, Mass. :</subfield><subfield code="b">E.G. Plimpton,</subfield><subfield code="c">1856-</subfield></datafield><datafield ind1=" " ind2=" " tag="300"><subfield code="a">v. ;</subfield><subfield code="c">34 cm.</subfield></datafield><datafield ind1=" " ind2=" " tag="310"><subfield code="a">Weekly</subfield></datafield><datafield ind1="0" ind2=" " tag="362"><subfield code="a">Vol. 1, no. 1 (Feb. 9, 1856)-</subfield></datafield><datafield ind1="1" ind2=" " tag="362"><subfield code="a">Ceased in 1856.</subfield></datafield><datafield ind1=" " ind2=" " tag="500"><subfield code="a">Editors: C.C. Curtis &amp; G.B. Clark, 1856-   .</subfield></datafield><datafield ind1=" " ind2=" " tag="500"><subfield code="a">"Independent in politics."</subfield></datafield><datafield ind1=" " ind2="0" tag="651"><subfield code="a">Holliston (Mass.)</subfield><subfield code="v">Newspapers.</subfield></datafield><datafield ind1=" " ind2="7" tag="655"><subfield code="a">Newspapers.</subfield><subfield code="2">fast</subfield><subfield code="0">(OCoLC)fst01423814</subfield></datafield><datafield ind1=" " ind2="7" tag="651"><subfield code="a">Massachusetts</subfield><subfield code="z">Holliston.</subfield><subfield code="2">fast</subfield><subfield code="0">(OCoLC)fst01228011</subfield></datafield><datafield ind1="1" ind2=" " tag="700"><subfield code="a">Curtis, C. C.</subfield></datafield><datafield ind1="1" ind2=" " tag="700"><subfield code="a">Clark, G. B.</subfield></datafield><datafield ind1=" " ind2=" " tag="752"><subfield code="a">United States</subfield><subfield code="b">Massachusetts</subfield><subfield code="c">Middlesex</subfield><subfield code="d">Holliston.</subfield></datafield><datafield ind1="0" ind2="0" tag="785"><subfield code="t">Holliston transcript (Holliston, Mass. : 1857)</subfield><subfield code="w">(DLC)sn 95063168</subfield></datafield></record>